<?xml version="1.0" encoding="UTF-8"?>
<record>
  <leader>01935nmm a2200445 c 4500</leader>
  <controlfield tag="003">DE-605</controlfield>
  <controlfield tag="005">20240729180241.0</controlfield>
  <controlfield tag="007">cr#|||||||||||</controlfield>
  <controlfield tag="008">091118|1757    xx      o  |        ger c</controlfield>
  <controlfield tag="001">990177418660206441</controlfield>
  <datafield tag="016" ind1="7" ind2=" ">
    <subfield code="a">838434577</subfield>
    <subfield code="2">OCoLC</subfield>
  </datafield>
  <datafield tag="016" ind1="7" ind2=" ">
    <subfield code="a">walburg126973105</subfield>
    <subfield code="2">XX-XxUND</subfield>
  </datafield>
  <datafield tag="020" ind1=" " ind2=" ">
    <subfield code="a">3628748178</subfield>
    <subfield code="9">3-628-74817-8</subfield>
  </datafield>
  <datafield tag="035" ind1=" " ind2=" ">
    <subfield code="a">(DE-605)TT050372336</subfield>
  </datafield>
  <datafield tag="040" ind1=" " ind2=" ">
    <subfield code="a">GBV</subfield>
    <subfield code="b">ger</subfield>
    <subfield code="c">GBV</subfield>
    <subfield code="d">DE-605</subfield>
  </datafield>
  <datafield tag="041" ind1=" " ind2=" ">
    <subfield code="a">ger</subfield>
  </datafield>
  <datafield tag="100" ind1="1" ind2=" ">
    <subfield code="a">Nütten, Jacob</subfield>
    <subfield code="4">aut</subfield>
  </datafield>
  <datafield tag="245" ind1="1" ind2="0">
    <subfield code="a">Vollkommene Lebens-Art einer gottliebenden Seel</subfield>
    <subfield code="h">Elektronische Ressource</subfield>
    <subfield code="b">worin sie unter d. Nahmen Hagiophilae angeführet wird, ihr tägl. Leben nach gegründeter Vollkommenheit einzurichten ..</subfield>
    <subfield code="c">verf. von Jacobo Nütten</subfield>
  </datafield>
  <datafield tag="250" ind1=" " ind2=" ">
    <subfield code="a">3. Dr., verm. u. außgebessert</subfield>
  </datafield>
  <datafield tag="264" ind1=" " ind2="1">
    <subfield code="a">Cöllen am Rhein</subfield>
    <subfield code="b">Horst</subfield>
    <subfield code="c">1757</subfield>
  </datafield>
  <datafield tag="300" ind1=" " ind2=" ">
    <subfield code="a">[10], 388 S.</subfield>
  </datafield>
  <datafield tag="340" ind1=" " ind2=" ">
    <subfield code="a">Online-Ressource</subfield>
    <subfield code="9">F:652a</subfield>
  </datafield>
  <datafield tag="688" ind1=" " ind2=" ">
    <subfield code="a">Glaubensleben</subfield>
  </datafield>
  <datafield tag="688" ind1=" " ind2=" ">
    <subfield code="a">Spiritualität</subfield>
  </datafield>
  <datafield tag="035" ind1=" " ind2=" ">
    <subfield code="a">(hbzERes_GBV-NLZ)NLM003558266</subfield>
  </datafield>
  <datafield tag="035" ind1=" " ind2=" ">
    <subfield code="a">(OCoLC)838434577</subfield>
  </datafield>
  <datafield tag="035" ind1=" " ind2=" ">
    <subfield code="a">(DE-599)GBVNLM003558266</subfield>
  </datafield>
  <datafield tag="035" ind1=" " ind2=" ">
    <subfield code="a">(DE-601)NLM003558266</subfield>
  </datafield>
  <datafield tag="962" ind1=" " ind2=" ">
    <subfield code="e">ZDB-1-MYA</subfield>
    <subfield code="e">NLZ</subfield>
  </datafield>
  <datafield tag="964" ind1="0" ind2="s">
    <subfield code="F">030</subfield>
    <subfield code="A">e|1u|||z|0017</subfield>
  </datafield>
  <datafield tag="964" ind1="0" ind2="s">
    <subfield code="F">050</subfield>
    <subfield code="A">||||||||g|||||</subfield>
  </datafield>
  <datafield tag="964" ind1="0" ind2="s">
    <subfield code="F">051</subfield>
    <subfield code="A">m|||||||</subfield>
  </datafield>
  <datafield tag="912" ind1=" " ind2=" ">
    <subfield code="a">ZDB-1-MYA</subfield>
  </datafield>
  <datafield tag="856" ind1=" " ind2=" ">
    <subfield code="u">http://www.gbv.de/dms/belser/aszese/74817-1.pdf</subfield>
    <subfield code="3">Volltext</subfield>
  </datafield>
  <datafield tag="856" ind1=" " ind2=" ">
    <subfield code="u">http://www.gbv.de/dms/belser/aszese/74817-2.pdf</subfield>
    <subfield code="3">Volltext</subfield>
  </datafield>
  <datafield tag="856" ind1=" " ind2=" ">
    <subfield code="u">http://www.gbv.de/dms/belser/aszese/74817-3.pdf</subfield>
    <subfield code="3">Volltext</subfield>
  </datafield>
  <datafield tag="856" ind1=" " ind2=" ">
    <subfield code="u">http://www.gbv.de/dms/belser/aszese/74817-4.pdf</subfield>
    <subfield code="3">Volltext</subfield>
  </datafield>
  <datafield tag="856" ind1=" " ind2=" ">
    <subfield code="u">http://www.gbv.de/dms/belser/aszese/74817-5.pdf</subfield>
    <subfield code="3">Volltext</subfield>
  </datafield>
  <datafield tag="533" ind1=" " ind2=" ">
    <subfield code="b">Ballinlough, Ireland</subfield>
    <subfield code="c">Belser Wiss. Dienst</subfield>
    <subfield code="d">2004</subfield>
    <subfield code="f">Mystik &amp; Aszese (Spiritualität) des 16. - 19. Jahrhunderts</subfield>
    <subfield code="n">IDNR 22803476</subfield>
  </datafield>
  <datafield tag="538" ind1=" " ind2=" ">
    <subfield code="a">Sofern kein Zugang über ein Universitätsnetz zur Verfügung steht, kann eine Registrierung zur kostenlosen Nutzung erfolgen: http://www.nationallizenzen.de</subfield>
  </datafield>
  <datafield tag="MBD" ind1=" " ind2=" ">
    <subfield code="M">49HBZ_NETWORK</subfield>
    <subfield code="i">990177418660206441</subfield>
    <subfield code="n">HBZ Network</subfield>
  </datafield>
  <datafield tag="MBD" ind1=" " ind2=" ">
    <subfield code="M">49HBZ_BRIDGE_EDK</subfield>
    <subfield code="i">9975390207507</subfield>
    <subfield code="n">Erzbischöfliche Diözesan- und Dombibliothek</subfield>
  </datafield>
  <datafield tag="MBD" ind1=" " ind2=" ">
    <subfield code="M">49HBZ_BRIDGE_PTR</subfield>
    <subfield code="i">9943685707817</subfield>
    <subfield code="n">Priesterseminar, Bibliothek, Trier</subfield>
  </datafield>
  <datafield tag="MBD" ind1=" " ind2=" ">
    <subfield code="M">49HBZ_BRIDGE_LBZ</subfield>
    <subfield code="i">99123135207506</subfield>
    <subfield code="n">Rheinische Landesbibliothek Koblenz</subfield>
  </datafield>
  <datafield tag="MNG" ind1=" " ind2=" ">
    <subfield code="c">SchackmannNZ</subfield>
    <subfield code="f">ILS</subfield>
    <subfield code="i">marc21</subfield>
    <subfield code="k">01</subfield>
    <subfield code="e">false</subfield>
    <subfield code="d">2024-07-29 18:02:41 Europe/Berlin</subfield>
    <subfield code="g">017741866-HBZ01</subfield>
    <subfield code="j">60</subfield>
    <subfield code="a">import</subfield>
    <subfield code="b">2021-04-05 07:46:43 Europe/Berlin</subfield>
  </datafield>
  <datafield tag="POR" ind1=" " ind2=" ">
    <subfield code="j">German National Licenses</subfield>
    <subfield code="x">System</subfield>
    <subfield code="a">53725378650006441</subfield>
    <subfield code="M">49HBZ_NETWORK</subfield>
    <subfield code="p">61737818480006441</subfield>
    <subfield code="q">GBV - Mystik &amp; Aszese des 16. bis 19. Jahrhunderts (ZDB-1-MYA)</subfield>
    <subfield code="c">static</subfield>
    <subfield code="B">Produktsigel: ZDB-1-MYA
NZ Phase 1 - Wave 1: NZ-P2E
E-Book-Verfahren: GBV-NLZ?</subfield>
    <subfield code="A">49HBZ_WUP</subfield>
    <subfield code="A">49HBZ_HSD</subfield>
    <subfield code="A">49HBZ_UBO</subfield>
    <subfield code="A">49HBZ_PAD</subfield>
    <subfield code="A">49HBZ_UBK</subfield>
    <subfield code="A">49HBZ_UBT</subfield>
    <subfield code="A">49HBZ_BIE</subfield>
    <subfield code="A">49HBZ_FUH</subfield>
    <subfield code="A">49HBZ_ULM</subfield>
    <subfield code="A">49HBZ_SIE</subfield>
    <subfield code="A">49HBZ_ULB</subfield>
    <subfield code="A">49HBZ_DUE</subfield>
    <subfield code="y">2021-04-15 16:45:59 Europe/Berlin</subfield>
    <subfield code="w">2021-04-06 11:59:13 Europe/Berlin</subfield>
    <subfield code="D">https://eu04.alma.exlibrisgroup.com/view/uresolver/49HBZ_NETWORK/openurl?u.ignore_date_coverage=true&amp;portfolio_pid=53725378650006441&amp;Force_direct=true</subfield>
    <subfield code="v">P2E_JOB</subfield>
    <subfield code="z">2021-04-06 09:59:13</subfield>
    <subfield code="i">false</subfield>
    <subfield code="S">62737818470006441</subfield>
    <subfield code="d">https://hbz-network.userservices.exlibrisgroup.com/view/uresolver/49HBZ_NETWORK/openurl?u.ignore_date_coverage=true&amp;rft.mms_id=990177418660206441</subfield>
    <subfield code="b">Available</subfield>
    <subfield code="f">DOCUMENT</subfield>
    <subfield code="e">http://www.gbv.de/dms/belser/aszese/74817-4.pdf</subfield>
    <subfield code="8">53725378650006441</subfield>
  </datafield>
  <datafield tag="POR" ind1=" " ind2=" ">
    <subfield code="j">German National Licenses</subfield>
    <subfield code="x">System</subfield>
    <subfield code="a">53725378630006441</subfield>
    <subfield code="M">49HBZ_NETWORK</subfield>
    <subfield code="p">61737818480006441</subfield>
    <subfield code="q">GBV - Mystik &amp; Aszese des 16. bis 19. Jahrhunderts (ZDB-1-MYA)</subfield>
    <subfield code="c">static</subfield>
    <subfield code="B">Produktsigel: ZDB-1-MYA
NZ Phase 1 - Wave 1: NZ-P2E
E-Book-Verfahren: GBV-NLZ?</subfield>
    <subfield code="A">49HBZ_WUP</subfield>
    <subfield code="A">49HBZ_HSD</subfield>
    <subfield code="A">49HBZ_UBO</subfield>
    <subfield code="A">49HBZ_PAD</subfield>
    <subfield code="A">49HBZ_UBK</subfield>
    <subfield code="A">49HBZ_UBT</subfield>
    <subfield code="A">49HBZ_BIE</subfield>
    <subfield code="A">49HBZ_FUH</subfield>
    <subfield code="A">49HBZ_ULM</subfield>
    <subfield code="A">49HBZ_SIE</subfield>
    <subfield code="A">49HBZ_ULB</subfield>
    <subfield code="A">49HBZ_DUE</subfield>
    <subfield code="y">2021-04-15 16:46:02 Europe/Berlin</subfield>
    <subfield code="w">2021-04-06 11:59:13 Europe/Berlin</subfield>
    <subfield code="D">https://eu04.alma.exlibrisgroup.com/view/uresolver/49HBZ_NETWORK/openurl?u.ignore_date_coverage=true&amp;portfolio_pid=53725378630006441&amp;Force_direct=true</subfield>
    <subfield code="v">P2E_JOB</subfield>
    <subfield code="z">2021-04-06 09:59:13</subfield>
    <subfield code="i">false</subfield>
    <subfield code="S">62737818470006441</subfield>
    <subfield code="d">https://hbz-network.userservices.exlibrisgroup.com/view/uresolver/49HBZ_NETWORK/openurl?u.ignore_date_coverage=true&amp;rft.mms_id=990177418660206441</subfield>
    <subfield code="b">Available</subfield>
    <subfield code="f">DOCUMENT</subfield>
    <subfield code="e">http://www.gbv.de/dms/belser/aszese/74817-5.pdf</subfield>
    <subfield code="8">53725378630006441</subfield>
  </datafield>
  <datafield tag="POR" ind1=" " ind2=" ">
    <subfield code="j">German National Licenses</subfield>
    <subfield code="x">System</subfield>
    <subfield code="a">53725378670006441</subfield>
    <subfield code="M">49HBZ_NETWORK</subfield>
    <subfield code="p">61737818480006441</subfield>
    <subfield code="q">GBV - Mystik &amp; Aszese des 16. bis 19. Jahrhunderts (ZDB-1-MYA)</subfield>
    <subfield code="c">static</subfield>
    <subfield code="B">Produktsigel: ZDB-1-MYA
NZ Phase 1 - Wave 1: NZ-P2E
E-Book-Verfahren: GBV-NLZ?</subfield>
    <subfield code="A">49HBZ_WUP</subfield>
    <subfield code="A">49HBZ_HSD</subfield>
    <subfield code="A">49HBZ_UBO</subfield>
    <subfield code="A">49HBZ_PAD</subfield>
    <subfield code="A">49HBZ_UBK</subfield>
    <subfield code="A">49HBZ_UBT</subfield>
    <subfield code="A">49HBZ_BIE</subfield>
    <subfield code="A">49HBZ_FUH</subfield>
    <subfield code="A">49HBZ_ULM</subfield>
    <subfield code="A">49HBZ_SIE</subfield>
    <subfield code="A">49HBZ_ULB</subfield>
    <subfield code="A">49HBZ_DUE</subfield>
    <subfield code="y">2021-04-15 16:45:59 Europe/Berlin</subfield>
    <subfield code="w">2021-04-06 11:59:13 Europe/Berlin</subfield>
    <subfield code="D">https://eu04.alma.exlibrisgroup.com/view/uresolver/49HBZ_NETWORK/openurl?u.ignore_date_coverage=true&amp;portfolio_pid=53725378670006441&amp;Force_direct=true</subfield>
    <subfield code="v">P2E_JOB</subfield>
    <subfield code="z">2021-04-06 09:59:13</subfield>
    <subfield code="i">false</subfield>
    <subfield code="S">62737818470006441</subfield>
    <subfield code="d">https://hbz-network.userservices.exlibrisgroup.com/view/uresolver/49HBZ_NETWORK/openurl?u.ignore_date_coverage=true&amp;rft.mms_id=990177418660206441</subfield>
    <subfield code="b">Available</subfield>
    <subfield code="f">DOCUMENT</subfield>
    <subfield code="e">http://www.gbv.de/dms/belser/aszese/74817-3.pdf</subfield>
    <subfield code="8">53725378670006441</subfield>
  </datafield>
  <datafield tag="POR" ind1=" " ind2=" ">
    <subfield code="j">German National Licenses</subfield>
    <subfield code="x">System</subfield>
    <subfield code="a">53725378690006441</subfield>
    <subfield code="M">49HBZ_NETWORK</subfield>
    <subfield code="p">61737818480006441</subfield>
    <subfield code="q">GBV - Mystik &amp; Aszese des 16. bis 19. Jahrhunderts (ZDB-1-MYA)</subfield>
    <subfield code="c">static</subfield>
    <subfield code="B">Produktsigel: ZDB-1-MYA
NZ Phase 1 - Wave 1: NZ-P2E
E-Book-Verfahren: GBV-NLZ?</subfield>
    <subfield code="A">49HBZ_WUP</subfield>
    <subfield code="A">49HBZ_HSD</subfield>
    <subfield code="A">49HBZ_UBO</subfield>
    <subfield code="A">49HBZ_PAD</subfield>
    <subfield code="A">49HBZ_UBK</subfield>
    <subfield code="A">49HBZ_UBT</subfield>
    <subfield code="A">49HBZ_BIE</subfield>
    <subfield code="A">49HBZ_FUH</subfield>
    <subfield code="A">49HBZ_ULM</subfield>
    <subfield code="A">49HBZ_SIE</subfield>
    <subfield code="A">49HBZ_ULB</subfield>
    <subfield code="A">49HBZ_DUE</subfield>
    <subfield code="y">2021-04-15 16:46:00 Europe/Berlin</subfield>
    <subfield code="w">2021-04-06 11:59:13 Europe/Berlin</subfield>
    <subfield code="D">https://eu04.alma.exlibrisgroup.com/view/uresolver/49HBZ_NETWORK/openurl?u.ignore_date_coverage=true&amp;portfolio_pid=53725378690006441&amp;Force_direct=true</subfield>
    <subfield code="v">P2E_JOB</subfield>
    <subfield code="z">2021-04-06 09:59:13</subfield>
    <subfield code="i">false</subfield>
    <subfield code="S">62737818470006441</subfield>
    <subfield code="d">https://hbz-network.userservices.exlibrisgroup.com/view/uresolver/49HBZ_NETWORK/openurl?u.ignore_date_coverage=true&amp;rft.mms_id=990177418660206441</subfield>
    <subfield code="b">Available</subfield>
    <subfield code="f">DOCUMENT</subfield>
    <subfield code="e">http://www.gbv.de/dms/belser/aszese/74817-2.pdf</subfield>
    <subfield code="8">53725378690006441</subfield>
  </datafield>
  <datafield tag="POR" ind1=" " ind2=" ">
    <subfield code="j">German National Licenses</subfield>
    <subfield code="x">System</subfield>
    <subfield code="a">53725378710006441</subfield>
    <subfield code="M">49HBZ_NETWORK</subfield>
    <subfield code="p">61737818480006441</subfield>
    <subfield code="q">GBV - Mystik &amp; Aszese des 16. bis 19. Jahrhunderts (ZDB-1-MYA)</subfield>
    <subfield code="c">static</subfield>
    <subfield code="B">Produktsigel: ZDB-1-MYA
NZ Phase 1 - Wave 1: NZ-P2E
E-Book-Verfahren: GBV-NLZ?</subfield>
    <subfield code="A">49HBZ_WUP</subfield>
    <subfield code="A">49HBZ_HSD</subfield>
    <subfield code="A">49HBZ_UBO</subfield>
    <subfield code="A">49HBZ_PAD</subfield>
    <subfield code="A">49HBZ_UBK</subfield>
    <subfield code="A">49HBZ_UBT</subfield>
    <subfield code="A">49HBZ_BIE</subfield>
    <subfield code="A">49HBZ_FUH</subfield>
    <subfield code="A">49HBZ_ULM</subfield>
    <subfield code="A">49HBZ_SIE</subfield>
    <subfield code="A">49HBZ_ULB</subfield>
    <subfield code="A">49HBZ_DUE</subfield>
    <subfield code="y">2021-04-15 16:46:02 Europe/Berlin</subfield>
    <subfield code="w">2021-04-06 11:59:13 Europe/Berlin</subfield>
    <subfield code="D">https://eu04.alma.exlibrisgroup.com/view/uresolver/49HBZ_NETWORK/openurl?u.ignore_date_coverage=true&amp;portfolio_pid=53725378710006441&amp;Force_direct=true</subfield>
    <subfield code="v">P2E_JOB</subfield>
    <subfield code="z">2021-04-06 09:59:13</subfield>
    <subfield code="i">false</subfield>
    <subfield code="S">62737818470006441</subfield>
    <subfield code="d">https://hbz-network.userservices.exlibrisgroup.com/view/uresolver/49HBZ_NETWORK/openurl?u.ignore_date_coverage=true&amp;rft.mms_id=990177418660206441</subfield>
    <subfield code="b">Available</subfield>
    <subfield code="f">DOCUMENT</subfield>
    <subfield code="e">http://www.gbv.de/dms/belser/aszese/74817-1.pdf</subfield>
    <subfield code="8">53725378710006441</subfield>
  </datafield>
  <datafield tag="H52" ind1="0" ind2=" ">
    <subfield code="b">ED001</subfield>
    <subfield code="c">UNASSIGNED</subfield>
    <subfield code="8">22116140460007507</subfield>
  </datafield>
  <datafield tag="HOL" ind1=" " ind2=" ">
    <subfield code="d">2024-07-31 04:19:21</subfield>
    <subfield code="8">22116140460007507</subfield>
    <subfield code="b">2024-07-31 04:19:21</subfield>
    <subfield code="M">49HBZ_BRIDGE_EDK</subfield>
    <subfield code="g">false</subfield>
    <subfield code="a">System</subfield>
    <subfield code="c">System</subfield>
  </datafield>
  <datafield tag="H52" ind1="0" ind2=" ">
    <subfield code="b">T0006</subfield>
    <subfield code="c">UNASSIGNED</subfield>
    <subfield code="8">2259312620007817</subfield>
  </datafield>
  <datafield tag="HOL" ind1=" " ind2=" ">
    <subfield code="d">2024-07-31 04:19:03</subfield>
    <subfield code="8">2259312620007817</subfield>
    <subfield code="b">2024-07-31 04:19:03</subfield>
    <subfield code="M">49HBZ_BRIDGE_PTR</subfield>
    <subfield code="g">false</subfield>
    <subfield code="a">System</subfield>
    <subfield code="c">System</subfield>
  </datafield>
  <datafield tag="H52" ind1="0" ind2=" ">
    <subfield code="b">R0001</subfield>
    <subfield code="c">UNASSIGNED</subfield>
    <subfield code="8">22129289960007506</subfield>
  </datafield>
  <datafield tag="HOL" ind1=" " ind2=" ">
    <subfield code="d">2024-07-31 04:17:40</subfield>
    <subfield code="8">22129289960007506</subfield>
    <subfield code="b">2024-07-31 04:17:40</subfield>
    <subfield code="M">49HBZ_BRIDGE_LBZ</subfield>
    <subfield code="g">false</subfield>
    <subfield code="a">System</subfield>
    <subfield code="c">System</subfield>
  </datafield>
</record>
